---
---

@article{hastie1987generalized,
  title={Generalized additive models: some applications},
  author={Hastie, Trevor and Tibshirani, Robert},
  journal={Journal of the American Statistical Association},
  volume={82},
  number={398},
  pages={371--386},
  year={1987},
  publisher={Taylor \& Francis}
}

@inproceedings{lou2012intelligible,
  title={Intelligible models for classification and regression},
  author={Lou, Yin and Caruana, Rich and Gehrke, Johannes},
  booktitle={Proceedings of the 18th ACM SIGKDD international conference on Knowledge discovery and data mining},
  pages={150--158},
  year={2012}
}

@inproceedings{lou2013accurate,
  title={Accurate intelligible models with pairwise interactions},
  author={Lou, Yin and Caruana, Rich and Gehrke, Johannes and Hooker, Giles},
  booktitle={Proceedings of the 19th ACM SIGKDD international conference on Knowledge discovery and data mining},
  pages={623--631},
  year={2013}
}

@inproceedings{caruana2015intelligible,
  title={Intelligible models for healthcare: Predicting pneumonia risk and hospital 30-day readmission},
  author={Caruana, Rich and Lou, Yin and Gehrke, Johannes and Koch, Paul and Sturm, Marc and Elhadad, Noemie},
  booktitle={Proceedings of the 21th ACM SIGKDD international conference on knowledge discovery and data mining},
  pages={1721--1730},
  year={2015}
}

@book{molnar2020interpretable,
  title={Interpretable machine learning},
  author={Molnar, Christoph},
  year={2020},
  publisher={Lulu. com}
}

@article{pedregosa2011scikit,
  title={Scikit-learn: Machine learning in Python},
  author={Pedregosa, Fabian and Varoquaux, Ga{\"e}l and Gramfort, Alexandre and Michel, Vincent and Thirion, Bertrand and Grisel, Olivier and Blondel, Mathieu and Prettenhofer, Peter and Weiss, Ron and Dubourg, Vincent and others},
  journal={the Journal of machine Learning research},
  volume={12},
  pages={2825--2830},
  year={2011},
  publisher={JMLR. org}
}

@misc{skrules_2017,
  title={{Skope Rules: Machine Learning with Logical Rules in Python}},
  author={Gardin, Florian and Gautier, Ronan and Goix, Nicolas and Ndiaye, Bibi and Schertzer, Jean-Mattieu},
  year         = 2017,
  doi          = {10.5281/zenodo.4316671},
  url          = {https://doi.org/10.5281/zenodo.4316671}
}

@article{friedman2001greedy,
  title={Greedy function approximation: a gradient boosting machine},
  author={Friedman, Jerome H},
  journal={Annals of statistics},
  pages={1189--1232},
  year={2001},
  publisher={JSTOR}
}

@article{morris1991factorial,
  title={Factorial sampling plans for preliminary computational experiments},
  author={Morris, Max D},
  journal={Technometrics},
  volume={33},
  number={2},
  pages={161--174},
  year={1991},
  publisher={Taylor \& Francis Group}
}

@article{herman2017salib,
  title={SALib: an open-source Python library for sensitivity analysis},
  author={Herman, Jon and Usher, Will},
  journal={Journal of Open Source Software},
  volume={2},
  number={9},
  pages={97},
  year={2017}
}

@inproceedings{ribeiro2016should,
  title={" Why should i trust you?" Explaining the predictions of any classifier},
  author={Ribeiro, Marco Tulio and Singh, Sameer and Guestrin, Carlos},
  booktitle={Proceedings of the 22nd ACM SIGKDD international conference on knowledge discovery and data mining},
  pages={1135--1144},
  year={2016}
}

@article{lundberg2017unified,
  title={A unified approach to interpreting model predictions},
  author={Lundberg, Scott and Lee, Su-In},
  journal={arXiv preprint arXiv:1705.07874},
  year={2017}
}